<record><leader>00000cas a22000007a 4500</leader><controlfield tag="001">24887551</controlfield><controlfield tag="008">911204d18751875njuwr ne      0    0eng d</controlfield><datafield ind1=" " ind2=" " tag="010"><subfield code="a">sn 91064062 </subfield></datafield><datafield ind1=" " ind2=" " tag="040"><subfield code="a">NJW</subfield><subfield code="b">eng</subfield><subfield code="c">NJW</subfield><subfield code="d">OCLCQ</subfield></datafield><datafield ind1="0" ind2="0" tag="245"><subfield code="a">Vineland independent and New Jersey granger.</subfield></datafield><datafield ind1=" " ind2=" " tag="260"><subfield code="a">Vineland, N.J. :</subfield><subfield code="b">Edwin A. Teall</subfield></datafield><datafield ind1=" " ind2=" " tag="300"><subfield code="a">v.</subfield></datafield><datafield ind1=" " ind2=" " tag="310"><subfield code="a">Weekly</subfield></datafield><datafield ind1="1" ind2=" " tag="362"><subfield code="a">Began May 20, 1875; ceased July 1875?</subfield></datafield><datafield ind1=" " ind2=" " tag="588"><subfield code="a">Description based on: Vol. 9, no. 14 (May 27, 1875).</subfield></datafield><datafield ind1=" " ind2=" " tag="752"><subfield code="a">United States</subfield><subfield code="b">New Jersey</subfield><subfield code="c">Cumberland</subfield><subfield code="d">Vineland.</subfield></datafield><datafield ind1="0" ind2="4" tag="780"><subfield code="t">Vineland independent (1867)</subfield><subfield code="w">(DLC)sn 84026261</subfield></datafield><datafield ind1="0" ind2="4" tag="780"><subfield code="t">New Jersey granger</subfield><subfield code="w">(DLC)sn 91064051</subfield><subfield code="w">(OCoLC)24486988</subfield></datafield><datafield ind1="0" ind2="0" tag="785"><subfield code="t">Vineland independent (Vineland, N.J. : 1875)</subfield><subfield code="w">(DLC)sn 85025356</subfield></datafield></record>